%YAML 1.1
%TAG !u! tag:unity3d.com,2011:
--- !u!64 &4872528222941288042
MeshCollider:
  m_ObjectHideFlags: 0
  m_CorrespondingSourceObject: {fileID: 0}
  m_PrefabInstance: {fileID: 0}
  m_PrefabAsset: {fileID: 0}
  m_GameObject: {fileID: 303223525599034522}
  m_Material: {fileID: 0}
  m_IsTrigger: 0
  m_Enabled: 1
  serializedVersion: 4
  m_Convex: 1
  m_CookingOptions: 30
  m_Mesh: {fileID: 2329056047041703686, guid: 9e92b697553558a46aa7a2c65e53b049, type: 3}
--- !u!64 &4872528223171161526
MeshCollider:
  m_ObjectHideFlags: 0
  m_CorrespondingSourceObject: {fileID: 0}
  m_PrefabInstance: {fileID: 0}
  m_PrefabAsset: {fileID: 0}
  m_GameObject: {fileID: 429018947513074726}
  m_Material: {fileID: 0}
  m_IsTrigger: 0
  m_Enabled: 1
  serializedVersion: 4
  m_Convex: 1
  m_CookingOptions: 30
  m_Mesh: {fileID: -7828716370911885745, guid: 9e92b697553558a46aa7a2c65e53b049, type: 3}
--- !u!64 &4872528222715905707
MeshCollider:
  m_ObjectHideFlags: 0
  m_CorrespondingSourceObject: {fileID: 0}
  m_PrefabInstance: {fileID: 0}
  m_PrefabAsset: {fileID: 0}
  m_GameObject: {fileID: 721886444680689952}
  m_Material: {fileID: 0}
  m_IsTrigger: 0
  m_Enabled: 1
  serializedVersion: 4
  m_Convex: 1
  m_CookingOptions: 30
  m_Mesh: {fileID: -8873786902571586346, guid: 9e92b697553558a46aa7a2c65e53b049, type: 3}
--- !u!64 &4872528223038680931
MeshCollider:
  m_ObjectHideFlags: 0
  m_CorrespondingSourceObject: {fileID: 0}
  m_PrefabInstance: {fileID: 0}
  m_PrefabAsset: {fileID: 0}
  m_GameObject: {fileID: 811958682742893304}
  m_Material: {fileID: 0}
  m_IsTrigger: 0
  m_Enabled: 1
  serializedVersion: 4
  m_Convex: 1
  m_CookingOptions: 30
  m_Mesh: {fileID: -5308210633308118684, guid: 1bc67255a8d585346802b9dad20b0d00, type: 3}
--- !u!64 &4872528222003267791
MeshCollider:
  m_ObjectHideFlags: 0
  m_CorrespondingSourceObject: {fileID: 0}
  m_PrefabInstance: {fileID: 0}
  m_PrefabAsset: {fileID: 0}
  m_GameObject: {fileID: 811958683225842738}
  m_Material: {fileID: 0}
  m_IsTrigger: 0
  m_Enabled: 1
  serializedVersion: 4
  m_Convex: 1
  m_CookingOptions: 30
  m_Mesh: {fileID: -5308210633308118684, guid: 1bc67255a8d585346802b9dad20b0d00, type: 3}
--- !u!64 &4872528222335087516
MeshCollider:
  m_ObjectHideFlags: 0
  m_CorrespondingSourceObject: {fileID: 0}
  m_PrefabInstance: {fileID: 0}
  m_PrefabAsset: {fileID: 0}
  m_GameObject: {fileID: 811958683510102546}
  m_Material: {fileID: 0}
  m_IsTrigger: 0
  m_Enabled: 1
  serializedVersion: 4
  m_Convex: 1
  m_CookingOptions: 30
  m_Mesh: {fileID: -5308210633308118684, guid: 1bc67255a8d585346802b9dad20b0d00, type: 3}
--- !u!64 &4872528221740633703
MeshCollider:
  m_ObjectHideFlags: 0
  m_CorrespondingSourceObject: {fileID: 0}
  m_PrefabInstance: {fileID: 0}
  m_PrefabAsset: {fileID: 0}
  m_GameObject: {fileID: 811958683607372047}
  m_Material: {fileID: 0}
  m_IsTrigger: 0
  m_Enabled: 1
  serializedVersion: 4
  m_Convex: 1
  m_CookingOptions: 30
  m_Mesh: {fileID: -5308210633308118684, guid: 1bc67255a8d585346802b9dad20b0d00, type: 3}
--- !u!64 &4872528222669428669
MeshCollider:
  m_ObjectHideFlags: 0
  m_CorrespondingSourceObject: {fileID: 0}
  m_PrefabInstance: {fileID: 0}
  m_PrefabAsset: {fileID: 0}
  m_GameObject: {fileID: 1632417667204435312}
  m_Material: {fileID: 0}
  m_IsTrigger: 0
  m_Enabled: 1
  serializedVersion: 4
  m_Convex: 1
  m_CookingOptions: 30
  m_Mesh: {fileID: -9215747772516270045, guid: 9e92b697553558a46aa7a2c65e53b049, type: 3}
--- !u!64 &4872528222766093404
MeshCollider:
  m_ObjectHideFlags: 0
  m_CorrespondingSourceObject: {fileID: 0}
  m_PrefabInstance: {fileID: 0}
  m_PrefabAsset: {fileID: 0}
  m_GameObject: {fileID: 1890322188549552668}
  m_Material: {fileID: 0}
  m_IsTrigger: 0
  m_Enabled: 1
  serializedVersion: 4
  m_Convex: 1
  m_CookingOptions: 30
  m_Mesh: {fileID: 2733448660354597953, guid: 9e92b697553558a46aa7a2c65e53b049, type: 3}
--- !u!64 &4872528222311063284
MeshCollider:
  m_ObjectHideFlags: 0
  m_CorrespondingSourceObject: {fileID: 0}
  m_PrefabInstance: {fileID: 0}
  m_PrefabAsset: {fileID: 0}
  m_GameObject: {fileID: 1949768030055886439}
  m_Material: {fileID: 0}
  m_IsTrigger: 0
  m_Enabled: 1
  serializedVersion: 4
  m_Convex: 1
  m_CookingOptions: 30
  m_Mesh: {fileID: 1791067597425362102, guid: 9e92b697553558a46aa7a2c65e53b049, type: 3}
--- !u!64 &4872528223449451092
MeshCollider:
  m_ObjectHideFlags: 0
  m_CorrespondingSourceObject: {fileID: 0}
  m_PrefabInstance: {fileID: 0}
  m_PrefabAsset: {fileID: 0}
  m_GameObject: {fileID: 2000158998653883537}
  m_Material: {fileID: 0}
  m_IsTrigger: 0
  m_Enabled: 1
  serializedVersion: 4
  m_Convex: 1
  m_CookingOptions: 30
  m_Mesh: {fileID: -2850074755327657584, guid: 9e92b697553558a46aa7a2c65e53b049, type: 3}
--- !u!64 &4872528221813645095
MeshCollider:
  m_ObjectHideFlags: 0
  m_CorrespondingSourceObject: {fileID: 0}
  m_PrefabInstance: {fileID: 0}
  m_PrefabAsset: {fileID: 0}
  m_GameObject: {fileID: 2057935571583401702}
  m_Material: {fileID: 0}
  m_IsTrigger: 0
  m_Enabled: 1
  serializedVersion: 4
  m_Convex: 1
  m_CookingOptions: 30
  m_Mesh: {fileID: 4467766580757431414, guid: 9e92b697553558a46aa7a2c65e53b049, type: 3}
--- !u!64 &4872528223325777065
MeshCollider:
  m_ObjectHideFlags: 0
  m_CorrespondingSourceObject: {fileID: 0}
  m_PrefabInstance: {fileID: 0}
  m_PrefabAsset: {fileID: 0}
  m_GameObject: {fileID: 2339336589272791257}
  m_Material: {fileID: 0}
  m_IsTrigger: 0
  m_Enabled: 1
  serializedVersion: 4
  m_Convex: 1
  m_CookingOptions: 30
  m_Mesh: {fileID: -6421927161762930362, guid: 9e92b697553558a46aa7a2c65e53b049, type: 3}
--- !u!64 &4872528223232942488
MeshCollider:
  m_ObjectHideFlags: 0
  m_CorrespondingSourceObject: {fileID: 0}
  m_PrefabInstance: {fileID: 0}
  m_PrefabAsset: {fileID: 0}
  m_GameObject: {fileID: 2368846599719247147}
  m_Material: {fileID: 0}
  m_IsTrigger: 0
  m_Enabled: 1
  serializedVersion: 4
  m_Convex: 1
  m_CookingOptions: 30
  m_Mesh: {fileID: 6198401070834743824, guid: 9e92b697553558a46aa7a2c65e53b049, type: 3}
--- !u!64 &4872528221529338043
MeshCollider:
  m_ObjectHideFlags: 0
  m_CorrespondingSourceObject: {fileID: 0}
  m_PrefabInstance: {fileID: 0}
  m_PrefabAsset: {fileID: 0}
  m_GameObject: {fileID: 2384040206223801699}
  m_Material: {fileID: 0}
  m_IsTrigger: 0
  m_Enabled: 1
  serializedVersion: 4
  m_Convex: 1
  m_CookingOptions: 30
  m_Mesh: {fileID: 1192326751526488301, guid: 9e92b697553558a46aa7a2c65e53b049, type: 3}
--- !u!64 &4872528222491866383
MeshCollider:
  m_ObjectHideFlags: 0
  m_CorrespondingSourceObject: {fileID: 0}
  m_PrefabInstance: {fileID: 0}
  m_PrefabAsset: {fileID: 0}
  m_GameObject: {fileID: 2445147959378785827}
  m_Material: {fileID: 0}
  m_IsTrigger: 0
  m_Enabled: 1
  serializedVersion: 4
  m_Convex: 1
  m_CookingOptions: 30
  m_Mesh: {fileID: -8716952615309824937, guid: 9e92b697553558a46aa7a2c65e53b049, type: 3}
--- !u!64 &4872528222264813668
MeshCollider:
  m_ObjectHideFlags: 0
  m_CorrespondingSourceObject: {fileID: 0}
  m_PrefabInstance: {fileID: 0}
  m_PrefabAsset: {fileID: 0}
  m_GameObject: {fileID: 2475373812075305952}
  m_Material: {fileID: 0}
  m_IsTrigger: 0
  m_Enabled: 1
  serializedVersion: 4
  m_Convex: 1
  m_CookingOptions: 30
  m_Mesh: {fileID: -4753976898039024662, guid: 9e92b697553558a46aa7a2c65e53b049, type: 3}
--- !u!64 &4872528221505570694
MeshCollider:
  m_ObjectHideFlags: 0
  m_CorrespondingSourceObject: {fileID: 0}
  m_PrefabInstance: {fileID: 0}
  m_PrefabAsset: {fileID: 0}
  m_GameObject: {fileID: 2548839270079920129}
  m_Material: {fileID: 0}
  m_IsTrigger: 0
  m_Enabled: 1
  serializedVersion: 4
  m_Convex: 1
  m_CookingOptions: 30
  m_Mesh: {fileID: 5192293760262708679, guid: 9e92b697553558a46aa7a2c65e53b049, type: 3}
--- !u!64 &4872528221403586683
MeshCollider:
  m_ObjectHideFlags: 0
  m_CorrespondingSourceObject: {fileID: 0}
  m_PrefabInstance: {fileID: 0}
  m_PrefabAsset: {fileID: 0}
  m_GameObject: {fileID: 2717063380436294585}
  m_Material: {fileID: 0}
  m_IsTrigger: 0
  m_Enabled: 1
  serializedVersion: 4
  m_Convex: 1
  m_CookingOptions: 30
  m_Mesh: {fileID: -8966066520460312795, guid: 9e92b697553558a46aa7a2c65e53b049, type: 3}
--- !u!64 &4872528222732004728
MeshCollider:
  m_ObjectHideFlags: 0
  m_CorrespondingSourceObject: {fileID: 0}
  m_PrefabInstance: {fileID: 0}
  m_PrefabAsset: {fileID: 0}
  m_GameObject: {fileID: 2851742271072710729}
  m_Material: {fileID: 0}
  m_IsTrigger: 0
  m_Enabled: 1
  serializedVersion: 4
  m_Convex: 1
  m_CookingOptions: 30
  m_Mesh: {fileID: -5695495534631207743, guid: 9e92b697553558a46aa7a2c65e53b049, type: 3}
--- !u!64 &4872528221617067726
MeshCollider:
  m_ObjectHideFlags: 0
  m_CorrespondingSourceObject: {fileID: 0}
  m_PrefabInstance: {fileID: 0}
  m_PrefabAsset: {fileID: 0}
  m_GameObject: {fileID: 2887639231117992436}
  m_Material: {fileID: 0}
  m_IsTrigger: 0
  m_Enabled: 1
  serializedVersion: 4
  m_Convex: 1
  m_CookingOptions: 30
  m_Mesh: {fileID: 3148804094339751973, guid: 9e92b697553558a46aa7a2c65e53b049, type: 3}
--- !u!64 &4872528222335555569
MeshCollider:
  m_ObjectHideFlags: 0
  m_CorrespondingSourceObject: {fileID: 0}
  m_PrefabInstance: {fileID: 0}
  m_PrefabAsset: {fileID: 0}
  m_GameObject: {fileID: 3257149792893932510}
  m_Material: {fileID: 0}
  m_IsTrigger: 0
  m_Enabled: 1
  serializedVersion: 4
  m_Convex: 1
  m_CookingOptions: 30
  m_Mesh: {fileID: -8259417878425161692, guid: 9e92b697553558a46aa7a2c65e53b049, type: 3}
--- !u!64 &4872528222602533837
MeshCollider:
  m_ObjectHideFlags: 0
  m_CorrespondingSourceObject: {fileID: 0}
  m_PrefabInstance: {fileID: 0}
  m_PrefabAsset: {fileID: 0}
  m_GameObject: {fileID: 3635200673003847098}
  m_Material: {fileID: 0}
  m_IsTrigger: 0
  m_Enabled: 1
  serializedVersion: 4
  m_Convex: 1
  m_CookingOptions: 30
  m_Mesh: {fileID: 9148106930174485795, guid: 1bc67255a8d585346802b9dad20b0d00, type: 3}
--- !u!64 &4872528223469196477
MeshCollider:
  m_ObjectHideFlags: 0
  m_CorrespondingSourceObject: {fileID: 0}
  m_PrefabInstance: {fileID: 0}
  m_PrefabAsset: {fileID: 0}
  m_GameObject: {fileID: 3635200673176909479}
  m_Material: {fileID: 0}
  m_IsTrigger: 0
  m_Enabled: 1
  serializedVersion: 4
  m_Convex: 1
  m_CookingOptions: 30
  m_Mesh: {fileID: 9148106930174485795, guid: 1bc67255a8d585346802b9dad20b0d00, type: 3}
--- !u!64 &4872528223487784019
MeshCollider:
  m_ObjectHideFlags: 0
  m_CorrespondingSourceObject: {fileID: 0}
  m_PrefabInstance: {fileID: 0}
  m_PrefabAsset: {fileID: 0}
  m_GameObject: {fileID: 3635200673826866074}
  m_Material: {fileID: 0}
  m_IsTrigger: 0
  m_Enabled: 1
  serializedVersion: 4
  m_Convex: 1
  m_CookingOptions: 30
  m_Mesh: {fileID: 9148106930174485795, guid: 1bc67255a8d585346802b9dad20b0d00, type: 3}
--- !u!64 &4872528222503069080
MeshCollider:
  m_ObjectHideFlags: 0
  m_CorrespondingSourceObject: {fileID: 0}
  m_PrefabInstance: {fileID: 0}
  m_PrefabAsset: {fileID: 0}
  m_GameObject: {fileID: 3635200674559511888}
  m_Material: {fileID: 0}
  m_IsTrigger: 0
  m_Enabled: 1
  serializedVersion: 4
  m_Convex: 1
  m_CookingOptions: 30
  m_Mesh: {fileID: 9148106930174485795, guid: 1bc67255a8d585346802b9dad20b0d00, type: 3}
--- !u!54 &4872528222124508462
Rigidbody:
  m_ObjectHideFlags: 0
  m_CorrespondingSourceObject: {fileID: 0}
  m_PrefabInstance: {fileID: 0}
  m_PrefabAsset: {fileID: 0}
  m_GameObject: {fileID: 4052570416806678648}
  serializedVersion: 2
  m_Mass: 1
  m_Drag: 0
  m_AngularDrag: 0.05
  m_UseGravity: 1
  m_IsKinematic: 0
  m_Interpolate: 0
  m_Constraints: 0
  m_CollisionDetection: 0
--- !u!64 &4872528222124508370
MeshCollider:
  m_ObjectHideFlags: 0
  m_CorrespondingSourceObject: {fileID: 0}
  m_PrefabInstance: {fileID: 0}
  m_PrefabAsset: {fileID: 0}
  m_GameObject: {fileID: 4052570416806678648}
  m_Material: {fileID: 0}
  m_IsTrigger: 0
  m_Enabled: 1
  serializedVersion: 4
  m_Convex: 1
  m_CookingOptions: 30
  m_Mesh: {fileID: -3169986393032714919, guid: 9e92b697553558a46aa7a2c65e53b049, type: 3}
--- !u!59 &4872528222124508457
HingeJoint:
  m_ObjectHideFlags: 0
  m_CorrespondingSourceObject: {fileID: 0}
  m_PrefabInstance: {fileID: 0}
  m_PrefabAsset: {fileID: 0}
  m_GameObject: {fileID: 4052570416806678648}
  m_ConnectedBody: {fileID: 4872528221433488162}
  m_Anchor: {x: 0, y: 0, z: 0}
  m_Axis: {x: 0, y: 90, z: 0}
  m_AutoConfigureConnectedAnchor: 1
  m_ConnectedAnchor: {x: -0.0042887228, y: 0.015638988, z: 0.001694862}
  m_UseSpring: 0
  m_Spring:
    spring: 0
    damper: 0
    targetPosition: 0
  m_UseMotor: 0
  m_Motor:
    targetVelocity: 0
    force: 0
    freeSpin: 0
  m_UseLimits: 0
  m_Limits:
    min: 0
    max: 0
    bounciness: 0
    bounceMinVelocity: 0.2
    contactDistance: 0
  m_BreakForce: Infinity
  m_BreakTorque: Infinity
  m_EnableCollision: 0
  m_EnablePreprocessing: 1
  m_MassScale: 1
  m_ConnectedMassScale: 1
--- !u!64 &4872528222704295448
MeshCollider:
  m_ObjectHideFlags: 0
  m_CorrespondingSourceObject: {fileID: 0}
  m_PrefabInstance: {fileID: 0}
  m_PrefabAsset: {fileID: 0}
  m_GameObject: {fileID: 4074023069153699532}
  m_Material: {fileID: 0}
  m_IsTrigger: 0
  m_Enabled: 1
  serializedVersion: 4
  m_Convex: 1
  m_CookingOptions: 30
  m_Mesh: {fileID: 4005074219740649688, guid: 9e92b697553558a46aa7a2c65e53b049, type: 3}
--- !u!64 &4872528223169232334
MeshCollider:
  m_ObjectHideFlags: 0
  m_CorrespondingSourceObject: {fileID: 0}
  m_PrefabInstance: {fileID: 0}
  m_PrefabAsset: {fileID: 0}
  m_GameObject: {fileID: 4360846509563201463}
  m_Material: {fileID: 0}
  m_IsTrigger: 0
  m_Enabled: 1
  serializedVersion: 4
  m_Convex: 1
  m_CookingOptions: 30
  m_Mesh: {fileID: 7035690196794747791, guid: 9e92b697553558a46aa7a2c65e53b049, type: 3}
--- !u!64 &4872528221935575244
MeshCollider:
  m_ObjectHideFlags: 0
  m_CorrespondingSourceObject: {fileID: 0}
  m_PrefabInstance: {fileID: 0}
  m_PrefabAsset: {fileID: 0}
  m_GameObject: {fileID: 4520855442033403823}
  m_Material: {fileID: 0}
  m_IsTrigger: 0
  m_Enabled: 1
  serializedVersion: 4
  m_Convex: 1
  m_CookingOptions: 30
  m_Mesh: {fileID: 4563637298700409943, guid: 9e92b697553558a46aa7a2c65e53b049, type: 3}
--- !u!64 &4872528221498240923
MeshCollider:
  m_ObjectHideFlags: 0
  m_CorrespondingSourceObject: {fileID: 0}
  m_PrefabInstance: {fileID: 0}
  m_PrefabAsset: {fileID: 0}
  m_GameObject: {fileID: 4690574306127798612}
  m_Material: {fileID: 0}
  m_IsTrigger: 0
  m_Enabled: 1
  serializedVersion: 4
  m_Convex: 1
  m_CookingOptions: 30
  m_Mesh: {fileID: 2454634519608151991, guid: 9e92b697553558a46aa7a2c65e53b049, type: 3}
--- !u!64 &4872528221474033453
MeshCollider:
  m_ObjectHideFlags: 0
  m_CorrespondingSourceObject: {fileID: 0}
  m_PrefabInstance: {fileID: 0}
  m_PrefabAsset: {fileID: 0}
  m_GameObject: {fileID: 4720294201876698361}
  m_Material: {fileID: 0}
  m_IsTrigger: 0
  m_Enabled: 1
  serializedVersion: 4
  m_Convex: 1
  m_CookingOptions: 30
  m_Mesh: {fileID: 1056782124063008565, guid: 9e92b697553558a46aa7a2c65e53b049, type: 3}
--- !u!64 &4872528223249661611
MeshCollider:
  m_ObjectHideFlags: 0
  m_CorrespondingSourceObject: {fileID: 0}
  m_PrefabInstance: {fileID: 0}
  m_PrefabAsset: {fileID: 0}
  m_GameObject: {fileID: 4745244203630849718}
  m_Material: {fileID: 0}
  m_IsTrigger: 0
  m_Enabled: 1
  serializedVersion: 4
  m_Convex: 1
  m_CookingOptions: 30
  m_Mesh: {fileID: 4723010164368009254, guid: 9e92b697553558a46aa7a2c65e53b049, type: 3}
--- !u!64 &4872528221575536947
MeshCollider:
  m_ObjectHideFlags: 0
  m_CorrespondingSourceObject: {fileID: 0}
  m_PrefabInstance: {fileID: 0}
  m_PrefabAsset: {fileID: 0}
  m_GameObject: {fileID: 4835190619181305866}
  m_Material: {fileID: 0}
  m_IsTrigger: 0
  m_Enabled: 1
  serializedVersion: 4
  m_Convex: 1
  m_CookingOptions: 30
  m_Mesh: {fileID: -2582600252679314848, guid: 9e92b697553558a46aa7a2c65e53b049, type: 3}
--- !u!1 &4872528222255104501
GameObject:
  m_ObjectHideFlags: 0
  m_CorrespondingSourceObject: {fileID: 0}
  m_PrefabInstance: {fileID: 0}
  m_PrefabAsset: {fileID: 0}
  serializedVersion: 6
  m_Component:
  - component: {fileID: 4872528222255104506}
  m_Layer: 0
  m_Name: silver
  m_TagString: Untagged
  m_Icon: {fileID: 0}
  m_NavMeshLayer: 0
  m_StaticEditorFlags: 0
  m_IsActive: 1
--- !u!4 &4872528222255104506
Transform:
  m_ObjectHideFlags: 0
  m_CorrespondingSourceObject: {fileID: 0}
  m_PrefabInstance: {fileID: 0}
  m_PrefabAsset: {fileID: 0}
  m_GameObject: {fileID: 4872528222255104501}
  m_LocalRotation: {x: -0, y: 0.08169832, z: -0, w: 0.9966572}
  m_LocalPosition: {x: -7.3, y: 0.5899999, z: -13.5}
  m_LocalScale: {x: 1, y: 1, z: 1}
  m_Children:
  - {fileID: 4905558981374511423}
  - {fileID: 4905558982568099801}
  - {fileID: 6576378232820886212}
  - {fileID: 6576378233040131300}
  - {fileID: 6576378232934244345}
  - {fileID: 6576378232205026318}
  m_Father: {fileID: 0}
  m_RootOrder: 0
  m_LocalEulerAnglesHint: {x: 0, y: 9.372001, z: 0}
--- !u!64 &4872528222333372728
MeshCollider:
  m_ObjectHideFlags: 0
  m_CorrespondingSourceObject: {fileID: 0}
  m_PrefabInstance: {fileID: 0}
  m_PrefabAsset: {fileID: 0}
  m_GameObject: {fileID: 4889092391804887493}
  m_Material: {fileID: 0}
  m_IsTrigger: 0
  m_Enabled: 1
  serializedVersion: 4
  m_Convex: 1
  m_CookingOptions: 30
  m_Mesh: {fileID: -964895270735209126, guid: 9e92b697553558a46aa7a2c65e53b049, type: 3}
--- !u!64 &4872528223070070196
MeshCollider:
  m_ObjectHideFlags: 0
  m_CorrespondingSourceObject: {fileID: 0}
  m_PrefabInstance: {fileID: 0}
  m_PrefabAsset: {fileID: 0}
  m_GameObject: {fileID: 5048430008768261565}
  m_Material: {fileID: 0}
  m_IsTrigger: 0
  m_Enabled: 1
  serializedVersion: 4
  m_Convex: 1
  m_CookingOptions: 30
  m_Mesh: {fileID: 7285641324128850035, guid: 9e92b697553558a46aa7a2c65e53b049, type: 3}
--- !u!64 &4872528221629310869
MeshCollider:
  m_ObjectHideFlags: 0
  m_CorrespondingSourceObject: {fileID: 0}
  m_PrefabInstance: {fileID: 0}
  m_PrefabAsset: {fileID: 0}
  m_GameObject: {fileID: 5083257727765626781}
  m_Material: {fileID: 0}
  m_IsTrigger: 0
  m_Enabled: 1
  serializedVersion: 4
  m_Convex: 1
  m_CookingOptions: 30
  m_Mesh: {fileID: 4224634350726116895, guid: 9e92b697553558a46aa7a2c65e53b049, type: 3}
--- !u!64 &4872528222980805438
MeshCollider:
  m_ObjectHideFlags: 0
  m_CorrespondingSourceObject: {fileID: 0}
  m_PrefabInstance: {fileID: 0}
  m_PrefabAsset: {fileID: 0}
  m_GameObject: {fileID: 5115023585546865900}
  m_Material: {fileID: 0}
  m_IsTrigger: 0
  m_Enabled: 1
  serializedVersion: 4
  m_Convex: 1
  m_CookingOptions: 30
  m_Mesh: {fileID: -4345292503286240049, guid: 9e92b697553558a46aa7a2c65e53b049, type: 3}
--- !u!64 &4872528223253255290
MeshCollider:
  m_ObjectHideFlags: 0
  m_CorrespondingSourceObject: {fileID: 0}
  m_PrefabInstance: {fileID: 0}
  m_PrefabAsset: {fileID: 0}
  m_GameObject: {fileID: 5440820678325104287}
  m_Material: {fileID: 0}
  m_IsTrigger: 0
  m_Enabled: 1
  serializedVersion: 4
  m_Convex: 1
  m_CookingOptions: 30
  m_Mesh: {fileID: 2352272465676470988, guid: 9e92b697553558a46aa7a2c65e53b049, type: 3}
--- !u!54 &4872528221433488162
Rigidbody:
  m_ObjectHideFlags: 0
  m_CorrespondingSourceObject: {fileID: 0}
  m_PrefabInstance: {fileID: 0}
  m_PrefabAsset: {fileID: 0}
  m_GameObject: {fileID: 5719531169221858181}
  serializedVersion: 2
  m_Mass: 1
  m_Drag: 0
  m_AngularDrag: 0.05
  m_UseGravity: 1
  m_IsKinematic: 0
  m_Interpolate: 0
  m_Constraints: 0
  m_CollisionDetection: 0
--- !u!64 &4872528221433488161
MeshCollider:
  m_ObjectHideFlags: 0
  m_CorrespondingSourceObject: {fileID: 0}
  m_PrefabInstance: {fileID: 0}
  m_PrefabAsset: {fileID: 0}
  m_GameObject: {fileID: 5719531169221858181}
  m_Material: {fileID: 0}
  m_IsTrigger: 0
  m_Enabled: 1
  serializedVersion: 4
  m_Convex: 1
  m_CookingOptions: -1
  m_Mesh: {fileID: -5453368615393121512, guid: a16c1f3b4cd053a42b9cbf965ded8bc6, type: 3}
--- !u!114 &6494042413693025142
MonoBehaviour:
  m_ObjectHideFlags: 0
  m_CorrespondingSourceObject: {fileID: 0}
  m_PrefabInstance: {fileID: 0}
  m_PrefabAsset: {fileID: 0}
  m_GameObject: {fileID: 5719531169221858181}
  m_Enabled: 1
  m_EditorHideFlags: 0
  m_Script: {fileID: 11500000, guid: 8169d64c10f7e6547bc635d9a758e53d, type: 3}
  m_Name: 
  m_EditorClassIdentifier: 
  force: 0
  deltaForce: 0
  breakJointTime: 0
  rb: {fileID: 4872528221433488162}
  shell: {fileID: 0}
--- !u!54 &4872528222056438097
Rigidbody:
  m_ObjectHideFlags: 0
  m_CorrespondingSourceObject: {fileID: 0}
  m_PrefabInstance: {fileID: 0}
  m_PrefabAsset: {fileID: 0}
  m_GameObject: {fileID: 5719531171214452067}
  serializedVersion: 2
  m_Mass: 10
  m_Drag: 0
  m_AngularDrag: 0.05
  m_UseGravity: 1
  m_IsKinematic: 0
  m_Interpolate: 0
  m_Constraints: 0
  m_CollisionDetection: 0
--- !u!145 &4872528222056438096
SpringJoint:
  m_ObjectHideFlags: 0
  m_CorrespondingSourceObject: {fileID: 0}
  m_PrefabInstance: {fileID: 0}
  m_PrefabAsset: {fileID: 0}
  m_GameObject: {fileID: 5719531171214452067}
  m_ConnectedBody: {fileID: 4872528221433488162}
  m_Anchor: {x: -4.11, y: 1.05, z: 0}
  m_AutoConfigureConnectedAnchor: 1
  m_ConnectedAnchor: {x: -0.03453042, y: -0.118520804, z: -0.58049655}
  serializedVersion: 2
  m_Spring: 10
  m_Damper: 0.2
  m_MinDistance: 0
  m_MaxDistance: 0
  m_Tolerance: 0.025
  m_BreakForce: Infinity
  m_BreakTorque: Infinity
  m_EnableCollision: 0
  m_EnablePreprocessing: 1
  m_MassScale: 1
  m_ConnectedMassScale: 1
--- !u!54 &4872528221730193308
Rigidbody:
  m_ObjectHideFlags: 0
  m_CorrespondingSourceObject: {fileID: 0}
  m_PrefabInstance: {fileID: 0}
  m_PrefabAsset: {fileID: 0}
  m_GameObject: {fileID: 5766909368570314420}
  serializedVersion: 2
  m_Mass: 1
  m_Drag: 0
  m_AngularDrag: 0.05
  m_UseGravity: 1
  m_IsKinematic: 0
  m_Interpolate: 0
  m_Constraints: 0
  m_CollisionDetection: 0
--- !u!138 &1607805759343902749
FixedJoint:
  m_ObjectHideFlags: 0
  m_CorrespondingSourceObject: {fileID: 0}
  m_PrefabInstance: {fileID: 0}
  m_PrefabAsset: {fileID: 0}
  m_GameObject: {fileID: 5766909368570314420}
  m_ConnectedBody: {fileID: 4872528222056438097}
  m_BreakForce: Infinity
  m_BreakTorque: Infinity
  m_EnableCollision: 0
  m_EnablePreprocessing: 1
  m_MassScale: 1
  m_ConnectedMassScale: 1
--- !u!54 &4872528221887030622
Rigidbody:
  m_ObjectHideFlags: 0
  m_CorrespondingSourceObject: {fileID: 0}
  m_PrefabInstance: {fileID: 0}
  m_PrefabAsset: {fileID: 0}
  m_GameObject: {fileID: 5766909368903020670}
  serializedVersion: 2
  m_Mass: 1
  m_Drag: 0
  m_AngularDrag: 0.05
  m_UseGravity: 1
  m_IsKinematic: 0
  m_Interpolate: 0
  m_Constraints: 0
  m_CollisionDetection: 0
--- !u!138 &509619481907859578
FixedJoint:
  m_ObjectHideFlags: 0
  m_CorrespondingSourceObject: {fileID: 0}
  m_PrefabInstance: {fileID: 0}
  m_PrefabAsset: {fileID: 0}
  m_GameObject: {fileID: 5766909368903020670}
  m_ConnectedBody: {fileID: 4872528222056438097}
  m_BreakForce: Infinity
  m_BreakTorque: Infinity
  m_EnableCollision: 0
  m_EnablePreprocessing: 1
  m_MassScale: 1
  m_ConnectedMassScale: 1
--- !u!54 &4872528222402715933
Rigidbody:
  m_ObjectHideFlags: 0
  m_CorrespondingSourceObject: {fileID: 0}
  m_PrefabInstance: {fileID: 0}
  m_PrefabAsset: {fileID: 0}
  m_GameObject: {fileID: 5766909369724145246}
  serializedVersion: 2
  m_Mass: 1
  m_Drag: 0
  m_AngularDrag: 0.05
  m_UseGravity: 1
  m_IsKinematic: 0
  m_Interpolate: 0
  m_Constraints: 0
  m_CollisionDetection: 0
--- !u!138 &7224777817010238164
FixedJoint:
  m_ObjectHideFlags: 0
  m_CorrespondingSourceObject: {fileID: 0}
  m_PrefabInstance: {fileID: 0}
  m_PrefabAsset: {fileID: 0}
  m_GameObject: {fileID: 5766909369724145246}
  m_ConnectedBody: {fileID: 4872528222056438097}
  m_BreakForce: Infinity
  m_BreakTorque: Infinity
  m_EnableCollision: 0
  m_EnablePreprocessing: 1
  m_MassScale: 1
  m_ConnectedMassScale: 1
--- !u!54 &4872528222821910279
Rigidbody:
  m_ObjectHideFlags: 0
  m_CorrespondingSourceObject: {fileID: 0}
  m_PrefabInstance: {fileID: 0}
  m_PrefabAsset: {fileID: 0}
  m_GameObject: {fileID: 5766909369821709635}
  serializedVersion: 2
  m_Mass: 1
  m_Drag: 0
  m_AngularDrag: 0.05
  m_UseGravity: 1
  m_IsKinematic: 0
  m_Interpolate: 0
  m_Constraints: 0
  m_CollisionDetection: 0
--- !u!138 &8630055032276024465
FixedJoint:
  m_ObjectHideFlags: 0
  m_CorrespondingSourceObject: {fileID: 0}
  m_PrefabInstance: {fileID: 0}
  m_PrefabAsset: {fileID: 0}
  m_GameObject: {fileID: 5766909369821709635}
  m_ConnectedBody: {fileID: 4872528222056438097}
  m_BreakForce: Infinity
  m_BreakTorque: Infinity
  m_EnableCollision: 0
  m_EnablePreprocessing: 1
  m_MassScale: 1
  m_ConnectedMassScale: 1
--- !u!64 &4872528222752515697
MeshCollider:
  m_ObjectHideFlags: 0
  m_CorrespondingSourceObject: {fileID: 0}
  m_PrefabInstance: {fileID: 0}
  m_PrefabAsset: {fileID: 0}
  m_GameObject: {fileID: 5940512771301226528}
  m_Material: {fileID: 0}
  m_IsTrigger: 0
  m_Enabled: 1
  serializedVersion: 4
  m_Convex: 1
  m_CookingOptions: 30
  m_Mesh: {fileID: 2726277716269829465, guid: 9e92b697553558a46aa7a2c65e53b049, type: 3}
--- !u!64 &4872528223466019285
MeshCollider:
  m_ObjectHideFlags: 0
  m_CorrespondingSourceObject: {fileID: 0}
  m_PrefabInstance: {fileID: 0}
  m_PrefabAsset: {fileID: 0}
  m_GameObject: {fileID: 5992071683916931289}
  m_Material: {fileID: 0}
  m_IsTrigger: 0
  m_Enabled: 1
  serializedVersion: 4
  m_Convex: 1
  m_CookingOptions: 30
  m_Mesh: {fileID: 149541833691738144, guid: 9e92b697553558a46aa7a2c65e53b049, type: 3}
--- !u!64 &4872528221681922931
MeshCollider:
  m_ObjectHideFlags: 0
  m_CorrespondingSourceObject: {fileID: 0}
  m_PrefabInstance: {fileID: 0}
  m_PrefabAsset: {fileID: 0}
  m_GameObject: {fileID: 6245691882962060851}
  m_Material: {fileID: 0}
  m_IsTrigger: 0
  m_Enabled: 1
  serializedVersion: 4
  m_Convex: 1
  m_CookingOptions: 30
  m_Mesh: {fileID: 1618651724453957149, guid: 9e92b697553558a46aa7a2c65e53b049, type: 3}
--- !u!64 &4872528222737668322
MeshCollider:
  m_ObjectHideFlags: 0
  m_CorrespondingSourceObject: {fileID: 0}
  m_PrefabInstance: {fileID: 0}
  m_PrefabAsset: {fileID: 0}
  m_GameObject: {fileID: 6318835783739686620}
  m_Material: {fileID: 0}
  m_IsTrigger: 0
  m_Enabled: 1
  serializedVersion: 4
  m_Convex: 1
  m_CookingOptions: 30
  m_Mesh: {fileID: 5299334708804420200, guid: 9e92b697553558a46aa7a2c65e53b049, type: 3}
--- !u!64 &4872528222528545465
MeshCollider:
  m_ObjectHideFlags: 0
  m_CorrespondingSourceObject: {fileID: 0}
  m_PrefabInstance: {fileID: 0}
  m_PrefabAsset: {fileID: 0}
  m_GameObject: {fileID: 6351333952089248865}
  m_Material: {fileID: 0}
  m_IsTrigger: 0
  m_Enabled: 1
  serializedVersion: 4
  m_Convex: 1
  m_CookingOptions: 30
  m_Mesh: {fileID: 8937665938935388488, guid: 9e92b697553558a46aa7a2c65e53b049, type: 3}
--- !u!64 &4872528222155465114
MeshCollider:
  m_ObjectHideFlags: 0
  m_CorrespondingSourceObject: {fileID: 0}
  m_PrefabInstance: {fileID: 0}
  m_PrefabAsset: {fileID: 0}
  m_GameObject: {fileID: 6404988612199262064}
  m_Material: {fileID: 0}
  m_IsTrigger: 0
  m_Enabled: 1
  serializedVersion: 4
  m_Convex: 1
  m_CookingOptions: 30
  m_Mesh: {fileID: 8772314391258816753, guid: 9e92b697553558a46aa7a2c65e53b049, type: 3}
--- !u!64 &4872528221874192978
MeshCollider:
  m_ObjectHideFlags: 0
  m_CorrespondingSourceObject: {fileID: 0}
  m_PrefabInstance: {fileID: 0}
  m_PrefabAsset: {fileID: 0}
  m_GameObject: {fileID: 6540243176202149240}
  m_Material: {fileID: 0}
  m_IsTrigger: 0
  m_Enabled: 1
  serializedVersion: 4
  m_Convex: 1
  m_CookingOptions: 30
  m_Mesh: {fileID: -1515144191993293674, guid: 9e92b697553558a46aa7a2c65e53b049, type: 3}
--- !u!64 &4872528221693878579
MeshCollider:
  m_ObjectHideFlags: 0
  m_CorrespondingSourceObject: {fileID: 0}
  m_PrefabInstance: {fileID: 0}
  m_PrefabAsset: {fileID: 0}
  m_GameObject: {fileID: 6584696583459340674}
  m_Material: {fileID: 0}
  m_IsTrigger: 0
  m_Enabled: 1
  serializedVersion: 4
  m_Convex: 1
  m_CookingOptions: 30
  m_Mesh: {fileID: -5859505246589164098, guid: 9e92b697553558a46aa7a2c65e53b049, type: 3}
--- !u!64 &4872528223296328937
MeshCollider:
  m_ObjectHideFlags: 0
  m_CorrespondingSourceObject: {fileID: 0}
  m_PrefabInstance: {fileID: 0}
  m_PrefabAsset: {fileID: 0}
  m_GameObject: {fileID: 6960703235786493826}
  m_Material: {fileID: 0}
  m_IsTrigger: 0
  m_Enabled: 1
  serializedVersion: 4
  m_Convex: 1
  m_CookingOptions: 30
  m_Mesh: {fileID: -4685023029354118832, guid: 9e92b697553558a46aa7a2c65e53b049, type: 3}
--- !u!64 &4872528222635998200
MeshCollider:
  m_ObjectHideFlags: 0
  m_CorrespondingSourceObject: {fileID: 0}
  m_PrefabInstance: {fileID: 0}
  m_PrefabAsset: {fileID: 0}
  m_GameObject: {fileID: 7000541309096461531}
  m_Material: {fileID: 0}
  m_IsTrigger: 0
  m_Enabled: 1
  serializedVersion: 4
  m_Convex: 1
  m_CookingOptions: 30
  m_Mesh: {fileID: 6800249751854360846, guid: 9e92b697553558a46aa7a2c65e53b049, type: 3}
--- !u!64 &4872528222358355002
MeshCollider:
  m_ObjectHideFlags: 0
  m_CorrespondingSourceObject: {fileID: 0}
  m_PrefabInstance: {fileID: 0}
  m_PrefabAsset: {fileID: 0}
  m_GameObject: {fileID: 7071913753753464078}
  m_Material: {fileID: 0}
  m_IsTrigger: 0
  m_Enabled: 1
  serializedVersion: 4
  m_Convex: 1
  m_CookingOptions: 30
  m_Mesh: {fileID: -8301338372331653424, guid: 9e92b697553558a46aa7a2c65e53b049, type: 3}
--- !u!64 &4872528221705793538
MeshCollider:
  m_ObjectHideFlags: 0
  m_CorrespondingSourceObject: {fileID: 0}
  m_PrefabInstance: {fileID: 0}
  m_PrefabAsset: {fileID: 0}
  m_GameObject: {fileID: 7106375735535789189}
  m_Material: {fileID: 0}
  m_IsTrigger: 0
  m_Enabled: 1
  serializedVersion: 4
  m_Convex: 1
  m_CookingOptions: 30
  m_Mesh: {fileID: 1924128652491027321, guid: 9e92b697553558a46aa7a2c65e53b049, type: 3}
--- !u!64 &4872528221956216723
MeshCollider:
  m_ObjectHideFlags: 0
  m_CorrespondingSourceObject: {fileID: 0}
  m_PrefabInstance: {fileID: 0}
  m_PrefabAsset: {fileID: 0}
  m_GameObject: {fileID: 7463746490176911368}
  m_Material: {fileID: 0}
  m_IsTrigger: 0
  m_Enabled: 1
  serializedVersion: 4
  m_Convex: 1
  m_CookingOptions: 30
  m_Mesh: {fileID: 6593217175389860584, guid: 9e92b697553558a46aa7a2c65e53b049, type: 3}
--- !u!64 &4872528222292613540
MeshCollider:
  m_ObjectHideFlags: 0
  m_CorrespondingSourceObject: {fileID: 0}
  m_PrefabInstance: {fileID: 0}
  m_PrefabAsset: {fileID: 0}
  m_GameObject: {fileID: 7550733155937209732}
  m_Material: {fileID: 0}
  m_IsTrigger: 0
  m_Enabled: 1
  serializedVersion: 4
  m_Convex: 1
  m_CookingOptions: 30
  m_Mesh: {fileID: -3959075476843439929, guid: 9e92b697553558a46aa7a2c65e53b049, type: 3}
--- !u!64 &4872528223222314347
MeshCollider:
  m_ObjectHideFlags: 0
  m_CorrespondingSourceObject: {fileID: 0}
  m_PrefabInstance: {fileID: 0}
  m_PrefabAsset: {fileID: 0}
  m_GameObject: {fileID: 7960583297583460523}
  m_Material: {fileID: 0}
  m_IsTrigger: 0
  m_Enabled: 1
  serializedVersion: 4
  m_Convex: 1
  m_CookingOptions: 30
  m_Mesh: {fileID: -76426291329846848, guid: 9e92b697553558a46aa7a2c65e53b049, type: 3}
--- !u!64 &4872528222090400081
MeshCollider:
  m_ObjectHideFlags: 0
  m_CorrespondingSourceObject: {fileID: 0}
  m_PrefabInstance: {fileID: 0}
  m_PrefabAsset: {fileID: 0}
  m_GameObject: {fileID: 8052970548222454873}
  m_Material: {fileID: 0}
  m_IsTrigger: 0
  m_Enabled: 1
  serializedVersion: 4
  m_Convex: 1
  m_CookingOptions: 30
  m_Mesh: {fileID: 6113912581363944171, guid: 9e92b697553558a46aa7a2c65e53b049, type: 3}
--- !u!64 &4872528223024951002
MeshCollider:
  m_ObjectHideFlags: 0
  m_CorrespondingSourceObject: {fileID: 0}
  m_PrefabInstance: {fileID: 0}
  m_PrefabAsset: {fileID: 0}
  m_GameObject: {fileID: 8153896200545473054}
  m_Material: {fileID: 0}
  m_IsTrigger: 0
  m_Enabled: 1
  serializedVersion: 4
  m_Convex: 1
  m_CookingOptions: 30
  m_Mesh: {fileID: 665085963770613444, guid: 9e92b697553558a46aa7a2c65e53b049, type: 3}
--- !u!64 &4872528223369133334
MeshCollider:
  m_ObjectHideFlags: 0
  m_CorrespondingSourceObject: {fileID: 0}
  m_PrefabInstance: {fileID: 0}
  m_PrefabAsset: {fileID: 0}
  m_GameObject: {fileID: 8278466770479398294}
  m_Material: {fileID: 0}
  m_IsTrigger: 0
  m_Enabled: 1
  serializedVersion: 4
  m_Convex: 1
  m_CookingOptions: 30
  m_Mesh: {fileID: 2262303240563668989, guid: 9e92b697553558a46aa7a2c65e53b049, type: 3}
--- !u!64 &4872528221827322928
MeshCollider:
  m_ObjectHideFlags: 0
  m_CorrespondingSourceObject: {fileID: 0}
  m_PrefabInstance: {fileID: 0}
  m_PrefabAsset: {fileID: 0}
  m_GameObject: {fileID: 8284848566266423047}
  m_Material: {fileID: 0}
  m_IsTrigger: 0
  m_Enabled: 1
  serializedVersion: 4
  m_Convex: 1
  m_CookingOptions: 30
  m_Mesh: {fileID: -7087473724099325196, guid: 9e92b697553558a46aa7a2c65e53b049, type: 3}
--- !u!64 &4872528222647687523
MeshCollider:
  m_ObjectHideFlags: 0
  m_CorrespondingSourceObject: {fileID: 0}
  m_PrefabInstance: {fileID: 0}
  m_PrefabAsset: {fileID: 0}
  m_GameObject: {fileID: 8388411611557514804}
  m_Material: {fileID: 0}
  m_IsTrigger: 0
  m_Enabled: 1
  serializedVersion: 4
  m_Convex: 1
  m_CookingOptions: 30
  m_Mesh: {fileID: -5263584975708783029, guid: 9e92b697553558a46aa7a2c65e53b049, type: 3}
--- !u!64 &4872528221901931048
MeshCollider:
  m_ObjectHideFlags: 0
  m_CorrespondingSourceObject: {fileID: 0}
  m_PrefabInstance: {fileID: 0}
  m_PrefabAsset: {fileID: 0}
  m_GameObject: {fileID: 8678912832781103024}
  m_Material: {fileID: 0}
  m_IsTrigger: 0
  m_Enabled: 1
  serializedVersion: 4
  m_Convex: 1
  m_CookingOptions: 30
  m_Mesh: {fileID: 5009161486953370047, guid: 1bc67255a8d585346802b9dad20b0d00, type: 3}
--- !u!64 &4872528223280912373
MeshCollider:
  m_ObjectHideFlags: 0
  m_CorrespondingSourceObject: {fileID: 0}
  m_PrefabInstance: {fileID: 0}
  m_PrefabAsset: {fileID: 0}
  m_GameObject: {fileID: 8678912833677038663}
  m_Material: {fileID: 0}
  m_IsTrigger: 0
  m_Enabled: 1
  serializedVersion: 4
  m_Convex: 1
  m_CookingOptions: 30
  m_Mesh: {fileID: 5009161486953370047, guid: 1bc67255a8d585346802b9dad20b0d00, type: 3}
--- !u!64 &4872528221870637868
MeshCollider:
  m_ObjectHideFlags: 0
  m_CorrespondingSourceObject: {fileID: 0}
  m_PrefabInstance: {fileID: 0}
  m_PrefabAsset: {fileID: 0}
  m_GameObject: {fileID: 8678912833774804826}
  m_Material: {fileID: 0}
  m_IsTrigger: 0
  m_Enabled: 1
  serializedVersion: 4
  m_Convex: 1
  m_CookingOptions: 30
  m_Mesh: {fileID: 5009161486953370047, guid: 1bc67255a8d585346802b9dad20b0d00, type: 3}
--- !u!64 &4872528221565571604
MeshCollider:
  m_ObjectHideFlags: 0
  m_CorrespondingSourceObject: {fileID: 0}
  m_PrefabInstance: {fileID: 0}
  m_PrefabAsset: {fileID: 0}
  m_GameObject: {fileID: 8678912834595742074}
  m_Material: {fileID: 0}
  m_IsTrigger: 0
  m_Enabled: 1
  serializedVersion: 4
  m_Convex: 1
  m_CookingOptions: 30
  m_Mesh: {fileID: 5009161486953370047, guid: 1bc67255a8d585346802b9dad20b0d00, type: 3}
--- !u!64 &4872528221379447490
MeshCollider:
  m_ObjectHideFlags: 0
  m_CorrespondingSourceObject: {fileID: 0}
  m_PrefabInstance: {fileID: 0}
  m_PrefabAsset: {fileID: 0}
  m_GameObject: {fileID: 8690276075366947259}
  m_Material: {fileID: 0}
  m_IsTrigger: 0
  m_Enabled: 1
  serializedVersion: 4
  m_Convex: 1
  m_CookingOptions: 30
  m_Mesh: {fileID: 3043982841751899260, guid: 9e92b697553558a46aa7a2c65e53b049, type: 3}
--- !u!64 &4872528222902776954
MeshCollider:
  m_ObjectHideFlags: 0
  m_CorrespondingSourceObject: {fileID: 0}
  m_PrefabInstance: {fileID: 0}
  m_PrefabAsset: {fileID: 0}
  m_GameObject: {fileID: 8893861747427326106}
  m_Material: {fileID: 0}
  m_IsTrigger: 0
  m_Enabled: 1
  serializedVersion: 4
  m_Convex: 1
  m_CookingOptions: 30
  m_Mesh: {fileID: 3785296276508407262, guid: 9e92b697553558a46aa7a2c65e53b049, type: 3}
--- !u!64 &4872528223184805464
MeshCollider:
  m_ObjectHideFlags: 0
  m_CorrespondingSourceObject: {fileID: 0}
  m_PrefabInstance: {fileID: 0}
  m_PrefabAsset: {fileID: 0}
  m_GameObject: {fileID: 8970945554186342441}
  m_Material: {fileID: 0}
  m_IsTrigger: 0
  m_Enabled: 1
  serializedVersion: 4
  m_Convex: 1
  m_CookingOptions: 30
  m_Mesh: {fileID: 5074941243508514199, guid: 1bc67255a8d585346802b9dad20b0d00, type: 3}
--- !u!64 &4872528222571160220
MeshCollider:
  m_ObjectHideFlags: 0
  m_CorrespondingSourceObject: {fileID: 0}
  m_PrefabInstance: {fileID: 0}
  m_PrefabAsset: {fileID: 0}
  m_GameObject: {fileID: 8970945554359671604}
  m_Material: {fileID: 0}
  m_IsTrigger: 0
  m_Enabled: 1
  serializedVersion: 4
  m_Convex: 1
  m_CookingOptions: 30
  m_Mesh: {fileID: 5074941243508514199, guid: 1bc67255a8d585346802b9dad20b0d00, type: 3}
--- !u!64 &4872528222007492979
MeshCollider:
  m_ObjectHideFlags: 0
  m_CorrespondingSourceObject: {fileID: 0}
  m_PrefabInstance: {fileID: 0}
  m_PrefabAsset: {fileID: 0}
  m_GameObject: {fileID: 8970945554506067465}
  m_Material: {fileID: 0}
  m_IsTrigger: 0
  m_Enabled: 1
  serializedVersion: 4
  m_Convex: 1
  m_CookingOptions: 30
  m_Mesh: {fileID: 5074941243508514199, guid: 1bc67255a8d585346802b9dad20b0d00, type: 3}
--- !u!64 &4872528222450866937
MeshCollider:
  m_ObjectHideFlags: 0
  m_CorrespondingSourceObject: {fileID: 0}
  m_PrefabInstance: {fileID: 0}
  m_PrefabAsset: {fileID: 0}
  m_GameObject: {fileID: 8970945555238969539}
  m_Material: {fileID: 0}
  m_IsTrigger: 0
  m_Enabled: 1
  serializedVersion: 4
  m_Convex: 1
  m_CookingOptions: 30
  m_Mesh: {fileID: 5074941243508514199, guid: 1bc67255a8d585346802b9dad20b0d00, type: 3}
--- !u!64 &4872528221508599462
MeshCollider:
  m_ObjectHideFlags: 0
  m_CorrespondingSourceObject: {fileID: 0}
  m_PrefabInstance: {fileID: 0}
  m_PrefabAsset: {fileID: 0}
  m_GameObject: {fileID: 8993772455525280230}
  m_Material: {fileID: 0}
  m_IsTrigger: 0
  m_Enabled: 1
  serializedVersion: 4
  m_Convex: 1
  m_CookingOptions: 30
  m_Mesh: {fileID: 7472489367437063108, guid: 9e92b697553558a46aa7a2c65e53b049, type: 3}
--- !u!64 &4872528223408236374
MeshCollider:
  m_ObjectHideFlags: 0
  m_CorrespondingSourceObject: {fileID: 0}
  m_PrefabInstance: {fileID: 0}
  m_PrefabAsset: {fileID: 0}
  m_GameObject: {fileID: 9049965917759233384}
  m_Material: {fileID: 0}
  m_IsTrigger: 0
  m_Enabled: 1
  serializedVersion: 4
  m_Convex: 1
  m_CookingOptions: 30
  m_Mesh: {fileID: 4679390504295679099, guid: 9e92b697553558a46aa7a2c65e53b049, type: 3}
--- !u!1001 &4872528221793409074
PrefabInstance:
  m_ObjectHideFlags: 0
  serializedVersion: 2
  m_Modification:
    m_TransformParent: {fileID: 4872528222255104506}
    m_Modifications:
    - target: {fileID: -8679921383154817045, guid: 9e92b697553558a46aa7a2c65e53b049,
        type: 3}
      propertyPath: m_LocalPosition.x
      value: -0.696928
      objectReference: {fileID: 0}
    - target: {fileID: -8679921383154817045, guid: 9e92b697553558a46aa7a2c65e53b049,
        type: 3}
      propertyPath: m_LocalPosition.y
      value: -1.2224213
      objectReference: {fileID: 0}
    - target: {fileID: -8679921383154817045, guid: 9e92b697553558a46aa7a2c65e53b049,
        type: 3}
      propertyPath: m_LocalPosition.z
      value: -1.0338999
      objectReference: {fileID: 0}
    - target: {fileID: -8679921383154817045, guid: 9e92b697553558a46aa7a2c65e53b049,
        type: 3}
      propertyPath: m_LocalRotation.x
      value: -0
      objectReference: {fileID: 0}
    - target: {fileID: -8679921383154817045, guid: 9e92b697553558a46aa7a2c65e53b049,
        type: 3}
      propertyPath: m_LocalRotation.y
      value: -0.68815017
      objectReference: {fileID: 0}
    - target: {fileID: -8679921383154817045, guid: 9e92b697553558a46aa7a2c65e53b049,
        type: 3}
      propertyPath: m_LocalRotation.z
      value: -0
      objectReference: {fileID: 0}
    - target: {fileID: -8679921383154817045, guid: 9e92b697553558a46aa7a2c65e53b049,
        type: 3}
      propertyPath: m_LocalRotation.w
      value: 0.7255684
      objectReference: {fileID: 0}
    - target: {fileID: -8679921383154817045, guid: 9e92b697553558a46aa7a2c65e53b049,
        type: 3}
      propertyPath: m_RootOrder
      value: 1
      objectReference: {fileID: 0}
    - target: {fileID: -8679921383154817045, guid: 9e92b697553558a46aa7a2c65e53b049,
        type: 3}
      propertyPath: m_LocalEulerAnglesHint.x
      value: 0
      objectReference: {fileID: 0}
    - target: {fileID: -8679921383154817045, guid: 9e92b697553558a46aa7a2c65e53b049,
        type: 3}
      propertyPath: m_LocalEulerAnglesHint.y
      value: -61.582005
      objectReference: {fileID: 0}
    - target: {fileID: -8679921383154817045, guid: 9e92b697553558a46aa7a2c65e53b049,
        type: 3}
      propertyPath: m_LocalEulerAnglesHint.z
      value: 0
      objectReference: {fileID: 0}
    - target: {fileID: 919132149155446097, guid: 9e92b697553558a46aa7a2c65e53b049,
        type: 3}
      propertyPath: m_Name
      value: WLSilverCatapult
      objectReference: {fileID: 0}
    m_RemovedComponents: []
  m_SourcePrefab: {fileID: 100100000, guid: 9e92b697553558a46aa7a2c65e53b049, type: 3}
--- !u!1 &4889092391804887493 stripped
GameObject:
  m_CorrespondingSourceObject: {fileID: -9203324390398772745, guid: 9e92b697553558a46aa7a2c65e53b049,
    type: 3}
  m_PrefabInstance: {fileID: 4872528221793409074}
  m_PrefabAsset: {fileID: 0}
--- !u!1 &8153896200545473054 stripped
GameObject:
  m_CorrespondingSourceObject: {fileID: -5569043992460113364, guid: 9e92b697553558a46aa7a2c65e53b049,
    type: 3}
  m_PrefabInstance: {fileID: 4872528221793409074}
  m_PrefabAsset: {fileID: 0}
--- !u!1 &6245691882962060851 stripped
GameObject:
  m_CorrespondingSourceObject: {fileID: -7695643273876906495, guid: 9e92b697553558a46aa7a2c65e53b049,
    type: 3}
  m_PrefabInstance: {fileID: 4872528221793409074}
  m_PrefabAsset: {fileID: 0}
--- !u!1 &7550733155937209732 stripped
GameObject:
  m_CorrespondingSourceObject: {fileID: -6100366115271535178, guid: 9e92b697553558a46aa7a2c65e53b049,
    type: 3}
  m_PrefabInstance: {fileID: 4872528221793409074}
  m_PrefabAsset: {fileID: 0}
--- !u!1 &429018947513074726 stripped
GameObject:
  m_CorrespondingSourceObject: {fileID: -4149331553498817516, guid: 9e92b697553558a46aa7a2c65e53b049,
    type: 3}
  m_PrefabInstance: {fileID: 4872528221793409074}
  m_PrefabAsset: {fileID: 0}
--- !u!1 &6960703235786493826 stripped
GameObject:
  m_CorrespondingSourceObject: {fileID: -6699157030307326032, guid: 9e92b697553558a46aa7a2c65e53b049,
    type: 3}
  m_PrefabInstance: {fileID: 4872528221793409074}
  m_PrefabAsset: {fileID: 0}
--- !u!1 &5115023585546865900 stripped
GameObject:
  m_CorrespondingSourceObject: {fileID: 388017943894283486, guid: 9e92b697553558a46aa7a2c65e53b049,
    type: 3}
  m_PrefabInstance: {fileID: 4872528221793409074}
  m_PrefabAsset: {fileID: 0}
--- !u!1 &721886444680689952 stripped
GameObject:
  m_CorrespondingSourceObject: {fileID: -3919796887962296046, guid: 9e92b697553558a46aa7a2c65e53b049,
    type: 3}
  m_PrefabInstance: {fileID: 4872528221793409074}
  m_PrefabAsset: {fileID: 0}
--- !u!1 &2000158998653883537 stripped
GameObject:
  m_CorrespondingSourceObject: {fileID: 6367892618325462179, guid: 9e92b697553558a46aa7a2c65e53b049,
    type: 3}
  m_PrefabInstance: {fileID: 4872528221793409074}
  m_PrefabAsset: {fileID: 0}
--- !u!1 &2548839270079920129 stripped
GameObject:
  m_CorrespondingSourceObject: {fileID: -2251244191874932685, guid: 9e92b697553558a46aa7a2c65e53b049,
    type: 3}
  m_PrefabInstance: {fileID: 4872528221793409074}
  m_PrefabAsset: {fileID: 0}
--- !u!1 &1890322188549552668 stripped
GameObject:
  m_CorrespondingSourceObject: {fileID: 6459697444325630510, guid: 9e92b697553558a46aa7a2c65e53b049,
    type: 3}
  m_PrefabInstance: {fileID: 4872528221793409074}
  m_PrefabAsset: {fileID: 0}
--- !u!1 &8690276075366947259 stripped
GameObject:
  m_CorrespondingSourceObject: {fileID: 4252702714118357385, guid: 9e92b697553558a46aa7a2c65e53b049,
    type: 3}
  m_PrefabInstance: {fileID: 4872528221793409074}
  m_PrefabAsset: {fileID: 0}
--- !u!1 &2851742271072710729 stripped
GameObject:
  m_CorrespondingSourceObject: {fileID: -2013708376385591173, guid: 9e92b697553558a46aa7a2c65e53b049,
    type: 3}
  m_PrefabInstance: {fileID: 4872528221793409074}
  m_PrefabAsset: {fileID: 0}
--- !u!1 &2057935571583401702 stripped
GameObject:
  m_CorrespondingSourceObject: {fileID: -2372847361076386092, guid: 9e92b697553558a46aa7a2c65e53b049,
    type: 3}
  m_PrefabInstance: {fileID: 4872528221793409074}
  m_PrefabAsset: {fileID: 0}
--- !u!1 &4745244203630849718 stripped
GameObject:
  m_CorrespondingSourceObject: {fileID: 163480801079080580, guid: 9e92b697553558a46aa7a2c65e53b049,
    type: 3}
  m_PrefabInstance: {fileID: 4872528221793409074}
  m_PrefabAsset: {fileID: 0}
--- !u!1 &2717063380436294585 stripped
GameObject:
  m_CorrespondingSourceObject: {fileID: -1861604965400755317, guid: 9e92b697553558a46aa7a2c65e53b049,
    type: 3}
  m_PrefabInstance: {fileID: 4872528221793409074}
  m_PrefabAsset: {fileID: 0}
--- !u!1 &2887639231117992436 stripped
GameObject:
  m_CorrespondingSourceObject: {fileID: 7749646088101624262, guid: 9e92b697553558a46aa7a2c65e53b049,
    type: 3}
  m_PrefabInstance: {fileID: 4872528221793409074}
  m_PrefabAsset: {fileID: 0}
--- !u!1 &4835190619181305866 stripped
GameObject:
  m_CorrespondingSourceObject: {fileID: -9186007496021145544, guid: 9e92b697553558a46aa7a2c65e53b049,
    type: 3}
  m_PrefabInstance: {fileID: 4872528221793409074}
  m_PrefabAsset: {fileID: 0}
--- !u!1 &7960583297583460523 stripped
GameObject:
  m_CorrespondingSourceObject: {fileID: -5915725710796691303, guid: 9e92b697553558a46aa7a2c65e53b049,
    type: 3}
  m_PrefabInstance: {fileID: 4872528221793409074}
  m_PrefabAsset: {fileID: 0}
--- !u!1 &1949768030055886439 stripped
GameObject:
  m_CorrespondingSourceObject: {fileID: -2841695311940077995, guid: 9e92b697553558a46aa7a2c65e53b049,
    type: 3}
  m_PrefabInstance: {fileID: 4872528221793409074}
  m_PrefabAsset: {fileID: 0}
--- !u!1 &9049965917759233384 stripped
GameObject:
  m_CorrespondingSourceObject: {fileID: 4470177324526044506, guid: 9e92b697553558a46aa7a2c65e53b049,
    type: 3}
  m_PrefabInstance: {fileID: 4872528221793409074}
  m_PrefabAsset: {fileID: 0}
--- !u!1 &2368846599719247147 stripped
GameObject:
  m_CorrespondingSourceObject: {fileID: 7152111983555740953, guid: 9e92b697553558a46aa7a2c65e53b049,
    type: 3}
  m_PrefabInstance: {fileID: 4872528221793409074}
  m_PrefabAsset: {fileID: 0}
--- !u!1 &4052570416806678648 stripped
GameObject:
  m_CorrespondingSourceObject: {fileID: 8909014827084220490, guid: 9e92b697553558a46aa7a2c65e53b049,
    type: 3}
  m_PrefabInstance: {fileID: 4872528221793409074}
  m_PrefabAsset: {fileID: 0}
--- !u!1 &2384040206223801699 stripped
GameObject:
  m_CorrespondingSourceObject: {fileID: 7100907181833725265, guid: 9e92b697553558a46aa7a2c65e53b049,
    type: 3}
  m_PrefabInstance: {fileID: 4872528221793409074}
  m_PrefabAsset: {fileID: 0}
--- !u!1 &5719531171214452067 stripped
GameObject:
  m_CorrespondingSourceObject: {fileID: 919132149155446097, guid: 9e92b697553558a46aa7a2c65e53b049,
    type: 3}
  m_PrefabInstance: {fileID: 4872528221793409074}
  m_PrefabAsset: {fileID: 0}
--- !u!1 &8388411611557514804 stripped
GameObject:
  m_CorrespondingSourceObject: {fileID: -5190630082793040378, guid: 9e92b697553558a46aa7a2c65e53b049,
    type: 3}
  m_PrefabInstance: {fileID: 4872528221793409074}
  m_PrefabAsset: {fileID: 0}
--- !u!1 &7000541309096461531 stripped
GameObject:
  m_CorrespondingSourceObject: {fileID: 2501848140863986921, guid: 9e92b697553558a46aa7a2c65e53b049,
    type: 3}
  m_PrefabInstance: {fileID: 4872528221793409074}
  m_PrefabAsset: {fileID: 0}
--- !u!1 &6351333952089248865 stripped
GameObject:
  m_CorrespondingSourceObject: {fileID: 1998131547146259539, guid: 9e92b697553558a46aa7a2c65e53b049,
    type: 3}
  m_PrefabInstance: {fileID: 4872528221793409074}
  m_PrefabAsset: {fileID: 0}
--- !u!1 &8993772455525280230 stripped
GameObject:
  m_CorrespondingSourceObject: {fileID: 4561863846566375892, guid: 9e92b697553558a46aa7a2c65e53b049,
    type: 3}
  m_PrefabInstance: {fileID: 4872528221793409074}
  m_PrefabAsset: {fileID: 0}
--- !u!4 &4905558982568099801 stripped
Transform:
  m_CorrespondingSourceObject: {fileID: -8679921383154817045, guid: 9e92b697553558a46aa7a2c65e53b049,
    type: 3}
  m_PrefabInstance: {fileID: 4872528221793409074}
  m_PrefabAsset: {fileID: 0}
--- !u!1 &2445147959378785827 stripped
GameObject:
  m_CorrespondingSourceObject: {fileID: -2130101987629011439, guid: 9e92b697553558a46aa7a2c65e53b049,
    type: 3}
  m_PrefabInstance: {fileID: 4872528221793409074}
  m_PrefabAsset: {fileID: 0}
--- !u!1 &5940512771301226528 stripped
GameObject:
  m_CorrespondingSourceObject: {fileID: 1292043252959764498, guid: 9e92b697553558a46aa7a2c65e53b049,
    type: 3}
  m_PrefabInstance: {fileID: 4872528221793409074}
  m_PrefabAsset: {fileID: 0}
--- !u!1 &7106375735535789189 stripped
GameObject:
  m_CorrespondingSourceObject: {fileID: -6845372964647519049, guid: 9e92b697553558a46aa7a2c65e53b049,
    type: 3}
  m_PrefabInstance: {fileID: 4872528221793409074}
  m_PrefabAsset: {fileID: 0}
--- !u!1 &6318835783739686620 stripped
GameObject:
  m_CorrespondingSourceObject: {fileID: -7768796009490323730, guid: 9e92b697553558a46aa7a2c65e53b049,
    type: 3}
  m_PrefabInstance: {fileID: 4872528221793409074}
  m_PrefabAsset: {fileID: 0}
--- !u!1 &7463746490176911368 stripped
GameObject:
  m_CorrespondingSourceObject: {fileID: 2596957926113402938, guid: 9e92b697553558a46aa7a2c65e53b049,
    type: 3}
  m_PrefabInstance: {fileID: 4872528221793409074}
  m_PrefabAsset: {fileID: 0}
--- !u!1 &2475373812075305952 stripped
GameObject:
  m_CorrespondingSourceObject: {fileID: 7045030354117346258, guid: 9e92b697553558a46aa7a2c65e53b049,
    type: 3}
  m_PrefabInstance: {fileID: 4872528221793409074}
  m_PrefabAsset: {fileID: 0}
--- !u!1 &3257149792893932510 stripped
GameObject:
  m_CorrespondingSourceObject: {fileID: 7975042476016782316, guid: 9e92b697553558a46aa7a2c65e53b049,
    type: 3}
  m_PrefabInstance: {fileID: 4872528221793409074}
  m_PrefabAsset: {fileID: 0}
--- !u!1 &8278466770479398294 stripped
GameObject:
  m_CorrespondingSourceObject: {fileID: 3566207899841815972, guid: 9e92b697553558a46aa7a2c65e53b049,
    type: 3}
  m_PrefabInstance: {fileID: 4872528221793409074}
  m_PrefabAsset: {fileID: 0}
--- !u!1 &5048430008768261565 stripped
GameObject:
  m_CorrespondingSourceObject: {fileID: 401122468259050895, guid: 9e92b697553558a46aa7a2c65e53b049,
    type: 3}
  m_PrefabInstance: {fileID: 4872528221793409074}
  m_PrefabAsset: {fileID: 0}
--- !u!1 &6540243176202149240 stripped
GameObject:
  m_CorrespondingSourceObject: {fileID: -7395704305543789238, guid: 9e92b697553558a46aa7a2c65e53b049,
    type: 3}
  m_PrefabInstance: {fileID: 4872528221793409074}
  m_PrefabAsset: {fileID: 0}
--- !u!1 &6584696583459340674 stripped
GameObject:
  m_CorrespondingSourceObject: {fileID: -7422151822734960208, guid: 9e92b697553558a46aa7a2c65e53b049,
    type: 3}
  m_PrefabInstance: {fileID: 4872528221793409074}
  m_PrefabAsset: {fileID: 0}
--- !u!1 &8893861747427326106 stripped
GameObject:
  m_CorrespondingSourceObject: {fileID: 4103881766339141800, guid: 9e92b697553558a46aa7a2c65e53b049,
    type: 3}
  m_PrefabInstance: {fileID: 4872528221793409074}
  m_PrefabAsset: {fileID: 0}
--- !u!1 &7071913753753464078 stripped
GameObject:
  m_CorrespondingSourceObject: {fileID: -6792889981931915972, guid: 9e92b697553558a46aa7a2c65e53b049,
    type: 3}
  m_PrefabInstance: {fileID: 4872528221793409074}
  m_PrefabAsset: {fileID: 0}
--- !u!1 &6404988612199262064 stripped
GameObject:
  m_CorrespondingSourceObject: {fileID: -7242450453789606078, guid: 9e92b697553558a46aa7a2c65e53b049,
    type: 3}
  m_PrefabInstance: {fileID: 4872528221793409074}
  m_PrefabAsset: {fileID: 0}
--- !u!1 &2339336589272791257 stripped
GameObject:
  m_CorrespondingSourceObject: {fileID: -2024283774511849237, guid: 9e92b697553558a46aa7a2c65e53b049,
    type: 3}
  m_PrefabInstance: {fileID: 4872528221793409074}
  m_PrefabAsset: {fileID: 0}
--- !u!1 &5992071683916931289 stripped
GameObject:
  m_CorrespondingSourceObject: {fileID: -8019028671651874581, guid: 9e92b697553558a46aa7a2c65e53b049,
    type: 3}
  m_PrefabInstance: {fileID: 4872528221793409074}
  m_PrefabAsset: {fileID: 0}
--- !u!1 &4520855442033403823 stripped
GameObject:
  m_CorrespondingSourceObject: {fileID: 9017328541939089309, guid: 9e92b697553558a46aa7a2c65e53b049,
    type: 3}
  m_PrefabInstance: {fileID: 4872528221793409074}
  m_PrefabAsset: {fileID: 0}
--- !u!1 &8284848566266423047 stripped
GameObject:
  m_CorrespondingSourceObject: {fileID: 3559817854460706613, guid: 9e92b697553558a46aa7a2c65e53b049,
    type: 3}
  m_PrefabInstance: {fileID: 4872528221793409074}
  m_PrefabAsset: {fileID: 0}
--- !u!1 &4074023069153699532 stripped
GameObject:
  m_CorrespondingSourceObject: {fileID: 8869669039281602302, guid: 9e92b697553558a46aa7a2c65e53b049,
    type: 3}
  m_PrefabInstance: {fileID: 4872528221793409074}
  m_PrefabAsset: {fileID: 0}
--- !u!1 &8052970548222454873 stripped
GameObject:
  m_CorrespondingSourceObject: {fileID: -6026004772984408981, guid: 9e92b697553558a46aa7a2c65e53b049,
    type: 3}
  m_PrefabInstance: {fileID: 4872528221793409074}
  m_PrefabAsset: {fileID: 0}
--- !u!1 &4360846509563201463 stripped
GameObject:
  m_CorrespondingSourceObject: {fileID: 9158743094094176133, guid: 9e92b697553558a46aa7a2c65e53b049,
    type: 3}
  m_PrefabInstance: {fileID: 4872528221793409074}
  m_PrefabAsset: {fileID: 0}
--- !u!1 &4690574306127798612 stripped
GameObject:
  m_CorrespondingSourceObject: {fileID: -9041267756353341082, guid: 9e92b697553558a46aa7a2c65e53b049,
    type: 3}
  m_PrefabInstance: {fileID: 4872528221793409074}
  m_PrefabAsset: {fileID: 0}
--- !u!1 &5440820678325104287 stripped
GameObject:
  m_CorrespondingSourceObject: {fileID: 585220623989814957, guid: 9e92b697553558a46aa7a2c65e53b049,
    type: 3}
  m_PrefabInstance: {fileID: 4872528221793409074}
  m_PrefabAsset: {fileID: 0}
--- !u!1 &1632417667204435312 stripped
GameObject:
  m_CorrespondingSourceObject: {fileID: 6140994139569067330, guid: 9e92b697553558a46aa7a2c65e53b049,
    type: 3}
  m_PrefabInstance: {fileID: 4872528221793409074}
  m_PrefabAsset: {fileID: 0}
--- !u!1 &5083257727765626781 stripped
GameObject:
  m_CorrespondingSourceObject: {fileID: -8856916482769721425, guid: 9e92b697553558a46aa7a2c65e53b049,
    type: 3}
  m_PrefabInstance: {fileID: 4872528221793409074}
  m_PrefabAsset: {fileID: 0}
--- !u!1 &303223525599034522 stripped
GameObject:
  m_CorrespondingSourceObject: {fileID: -4058879426038799192, guid: 9e92b697553558a46aa7a2c65e53b049,
    type: 3}
  m_PrefabInstance: {fileID: 4872528221793409074}
  m_PrefabAsset: {fileID: 0}
--- !u!1 &4720294201876698361 stripped
GameObject:
  m_CorrespondingSourceObject: {fileID: 152955310288243915, guid: 9e92b697553558a46aa7a2c65e53b049,
    type: 3}
  m_PrefabInstance: {fileID: 4872528221793409074}
  m_PrefabAsset: {fileID: 0}
--- !u!1001 &4872528221815557814
PrefabInstance:
  m_ObjectHideFlags: 0
  serializedVersion: 2
  m_Modification:
    m_TransformParent: {fileID: 4872528222255104506}
    m_Modifications:
    - target: {fileID: 1411490485938683592, guid: 639ab9b3127972e4ead16539b6398fc4,
        type: 3}
      propertyPath: m_Name
      value: WheelsSilver
      objectReference: {fileID: 0}
    - target: {fileID: 1791675855916213362, guid: 639ab9b3127972e4ead16539b6398fc4,
        type: 3}
      propertyPath: m_LocalPosition.x
      value: -0.56
      objectReference: {fileID: 0}
    - target: {fileID: 1791675855916213362, guid: 639ab9b3127972e4ead16539b6398fc4,
        type: 3}
      propertyPath: m_LocalPosition.y
      value: -1.14
      objectReference: {fileID: 0}
    - target: {fileID: 1791675855916213362, guid: 639ab9b3127972e4ead16539b6398fc4,
        type: 3}
      propertyPath: m_LocalPosition.z
      value: -1.24
      objectReference: {fileID: 0}
    - target: {fileID: 1791675855916213362, guid: 639ab9b3127972e4ead16539b6398fc4,
        type: 3}
      propertyPath: m_LocalRotation.x
      value: -0
      objectReference: {fileID: 0}
    - target: {fileID: 1791675855916213362, guid: 639ab9b3127972e4ead16539b6398fc4,
        type: 3}
      propertyPath: m_LocalRotation.y
      value: -0.6797113
      objectReference: {fileID: 0}
    - target: {fileID: 1791675855916213362, guid: 639ab9b3127972e4ead16539b6398fc4,
        type: 3}
      propertyPath: m_LocalRotation.z
      value: -0
      objectReference: {fileID: 0}
    - target: {fileID: 1791675855916213362, guid: 639ab9b3127972e4ead16539b6398fc4,
        type: 3}
      propertyPath: m_LocalRotation.w
      value: 0.7334798
      objectReference: {fileID: 0}
    - target: {fileID: 1791675855916213362, guid: 639ab9b3127972e4ead16539b6398fc4,
        type: 3}
      propertyPath: m_RootOrder
      value: 2
      objectReference: {fileID: 0}
    - target: {fileID: 1791675855916213362, guid: 639ab9b3127972e4ead16539b6398fc4,
        type: 3}
      propertyPath: m_LocalEulerAnglesHint.x
      value: 0
      objectReference: {fileID: 0}
    - target: {fileID: 1791675855916213362, guid: 639ab9b3127972e4ead16539b6398fc4,
        type: 3}
      propertyPath: m_LocalEulerAnglesHint.y
      value: -58.656002
      objectReference: {fileID: 0}
    - target: {fileID: 1791675855916213362, guid: 639ab9b3127972e4ead16539b6398fc4,
        type: 3}
      propertyPath: m_LocalEulerAnglesHint.z
      value: 0
      objectReference: {fileID: 0}
    m_RemovedComponents: []
  m_SourcePrefab: {fileID: 100100000, guid: 639ab9b3127972e4ead16539b6398fc4, type: 3}
--- !u!1 &8970945554506067465 stripped
GameObject:
  m_CorrespondingSourceObject: {fileID: 4603103134977745087, guid: 639ab9b3127972e4ead16539b6398fc4,
    type: 3}
  m_PrefabInstance: {fileID: 4872528221815557814}
  m_PrefabAsset: {fileID: 0}
--- !u!1 &811958683225842738 stripped
GameObject:
  m_CorrespondingSourceObject: {fileID: 5249537473357916804, guid: 639ab9b3127972e4ead16539b6398fc4,
    type: 3}
  m_PrefabInstance: {fileID: 4872528221815557814}
  m_PrefabAsset: {fileID: 0}
--- !u!1 &3635200673826866074 stripped
GameObject:
  m_CorrespondingSourceObject: {fileID: 8209043262814014764, guid: 639ab9b3127972e4ead16539b6398fc4,
    type: 3}
  m_PrefabInstance: {fileID: 4872528221815557814}
  m_PrefabAsset: {fileID: 0}
--- !u!1 &5766909368903020670 stripped
GameObject:
  m_CorrespondingSourceObject: {fileID: 1411490485938683592, guid: 639ab9b3127972e4ead16539b6398fc4,
    type: 3}
  m_PrefabInstance: {fileID: 4872528221815557814}
  m_PrefabAsset: {fileID: 0}
--- !u!1 &8678912834595742074 stripped
GameObject:
  m_CorrespondingSourceObject: {fileID: 4318674585173733324, guid: 639ab9b3127972e4ead16539b6398fc4,
    type: 3}
  m_PrefabInstance: {fileID: 4872528221815557814}
  m_PrefabAsset: {fileID: 0}
--- !u!4 &6576378232820886212 stripped
Transform:
  m_CorrespondingSourceObject: {fileID: 1791675855916213362, guid: 639ab9b3127972e4ead16539b6398fc4,
    type: 3}
  m_PrefabInstance: {fileID: 4872528221815557814}
  m_PrefabAsset: {fileID: 0}
--- !u!1001 &4872528221929716619
PrefabInstance:
  m_ObjectHideFlags: 0
  serializedVersion: 2
  m_Modification:
    m_TransformParent: {fileID: 4872528222255104506}
    m_Modifications:
    - target: {fileID: 1411490485938683592, guid: 639ab9b3127972e4ead16539b6398fc4,
        type: 3}
      propertyPath: m_Name
      value: WheelsSilver (2)
      objectReference: {fileID: 0}
    - target: {fileID: 1791675855916213362, guid: 639ab9b3127972e4ead16539b6398fc4,
        type: 3}
      propertyPath: m_LocalPosition.x
      value: 0.4
      objectReference: {fileID: 0}
    - target: {fileID: 1791675855916213362, guid: 639ab9b3127972e4ead16539b6398fc4,
        type: 3}
      propertyPath: m_LocalPosition.y
      value: -1.14
      objectReference: {fileID: 0}
    - target: {fileID: 1791675855916213362, guid: 639ab9b3127972e4ead16539b6398fc4,
        type: 3}
      propertyPath: m_LocalPosition.z
      value: -0.66
      objectReference: {fileID: 0}
    - target: {fileID: 1791675855916213362, guid: 639ab9b3127972e4ead16539b6398fc4,
        type: 3}
      propertyPath: m_LocalRotation.x
      value: -0
      objectReference: {fileID: 0}
    - target: {fileID: 1791675855916213362, guid: 639ab9b3127972e4ead16539b6398fc4,
        type: 3}
      propertyPath: m_LocalRotation.y
      value: -0.72828144
      objectReference: {fileID: 0}
    - target: {fileID: 1791675855916213362, guid: 639ab9b3127972e4ead16539b6398fc4,
        type: 3}
      propertyPath: m_LocalRotation.z
      value: -0
      objectReference: {fileID: 0}
    - target: {fileID: 1791675855916213362, guid: 639ab9b3127972e4ead16539b6398fc4,
        type: 3}
      propertyPath: m_LocalRotation.w
      value: -0.68527824
      objectReference: {fileID: 0}
    - target: {fileID: 1791675855916213362, guid: 639ab9b3127972e4ead16539b6398fc4,
        type: 3}
      propertyPath: m_RootOrder
      value: 4
      objectReference: {fileID: 0}
    - target: {fileID: 1791675855916213362, guid: 639ab9b3127972e4ead16539b6398fc4,
        type: 3}
      propertyPath: m_LocalEulerAnglesHint.x
      value: 0
      objectReference: {fileID: 0}
    - target: {fileID: 1791675855916213362, guid: 639ab9b3127972e4ead16539b6398fc4,
        type: 3}
      propertyPath: m_LocalEulerAnglesHint.y
      value: -266.51498
      objectReference: {fileID: 0}
    - target: {fileID: 1791675855916213362, guid: 639ab9b3127972e4ead16539b6398fc4,
        type: 3}
      propertyPath: m_LocalEulerAnglesHint.z
      value: 0
      objectReference: {fileID: 0}
    m_RemovedComponents: []
  m_SourcePrefab: {fileID: 100100000, guid: 639ab9b3127972e4ead16539b6398fc4, type: 3}
--- !u!1 &8678912833677038663 stripped
GameObject:
  m_CorrespondingSourceObject: {fileID: 4318674585173733324, guid: 639ab9b3127972e4ead16539b6398fc4,
    type: 3}
  m_PrefabInstance: {fileID: 4872528221929716619}
  m_PrefabAsset: {fileID: 0}
--- !u!1 &8970945554359671604 stripped
GameObject:
  m_CorrespondingSourceObject: {fileID: 4603103134977745087, guid: 639ab9b3127972e4ead16539b6398fc4,
    type: 3}
  m_PrefabInstance: {fileID: 4872528221929716619}
  m_PrefabAsset: {fileID: 0}
--- !u!1 &3635200673176909479 stripped
GameObject:
  m_CorrespondingSourceObject: {fileID: 8209043262814014764, guid: 639ab9b3127972e4ead16539b6398fc4,
    type: 3}
  m_PrefabInstance: {fileID: 4872528221929716619}
  m_PrefabAsset: {fileID: 0}
--- !u!1 &5766909369821709635 stripped
GameObject:
  m_CorrespondingSourceObject: {fileID: 1411490485938683592, guid: 639ab9b3127972e4ead16539b6398fc4,
    type: 3}
  m_PrefabInstance: {fileID: 4872528221929716619}
  m_PrefabAsset: {fileID: 0}
--- !u!4 &6576378232934244345 stripped
Transform:
  m_CorrespondingSourceObject: {fileID: 1791675855916213362, guid: 639ab9b3127972e4ead16539b6398fc4,
    type: 3}
  m_PrefabInstance: {fileID: 4872528221929716619}
  m_PrefabAsset: {fileID: 0}
--- !u!1 &811958683607372047 stripped
GameObject:
  m_CorrespondingSourceObject: {fileID: 5249537473357916804, guid: 639ab9b3127972e4ead16539b6398fc4,
    type: 3}
  m_PrefabInstance: {fileID: 4872528221929716619}
  m_PrefabAsset: {fileID: 0}
--- !u!1001 &4872528222034620566
PrefabInstance:
  m_ObjectHideFlags: 0
  serializedVersion: 2
  m_Modification:
    m_TransformParent: {fileID: 4872528222255104506}
    m_Modifications:
    - target: {fileID: 1411490485938683592, guid: 639ab9b3127972e4ead16539b6398fc4,
        type: 3}
      propertyPath: m_Name
      value: WheelsSilver (1)
      objectReference: {fileID: 0}
    - target: {fileID: 1791675855916213362, guid: 639ab9b3127972e4ead16539b6398fc4,
        type: 3}
      propertyPath: m_LocalPosition.x
      value: -0.24
      objectReference: {fileID: 0}
    - target: {fileID: 1791675855916213362, guid: 639ab9b3127972e4ead16539b6398fc4,
        type: 3}
      propertyPath: m_LocalPosition.y
      value: -1.14
      objectReference: {fileID: 0}
    - target: {fileID: 1791675855916213362, guid: 639ab9b3127972e4ead16539b6398fc4,
        type: 3}
      propertyPath: m_LocalPosition.z
      value: 3.93
      objectReference: {fileID: 0}
    - target: {fileID: 1791675855916213362, guid: 639ab9b3127972e4ead16539b6398fc4,
        type: 3}
      propertyPath: m_LocalRotation.x
      value: -0
      objectReference: {fileID: 0}
    - target: {fileID: 1791675855916213362, guid: 639ab9b3127972e4ead16539b6398fc4,
        type: 3}
      propertyPath: m_LocalRotation.y
      value: -0.6797113
      objectReference: {fileID: 0}
    - target: {fileID: 1791675855916213362, guid: 639ab9b3127972e4ead16539b6398fc4,
        type: 3}
      propertyPath: m_LocalRotation.z
      value: -0
      objectReference: {fileID: 0}
    - target: {fileID: 1791675855916213362, guid: 639ab9b3127972e4ead16539b6398fc4,
        type: 3}
      propertyPath: m_LocalRotation.w
      value: 0.7334798
      objectReference: {fileID: 0}
    - target: {fileID: 1791675855916213362, guid: 639ab9b3127972e4ead16539b6398fc4,
        type: 3}
      propertyPath: m_RootOrder
      value: 3
      objectReference: {fileID: 0}
    - target: {fileID: 1791675855916213362, guid: 639ab9b3127972e4ead16539b6398fc4,
        type: 3}
      propertyPath: m_LocalEulerAnglesHint.x
      value: 0
      objectReference: {fileID: 0}
    - target: {fileID: 1791675855916213362, guid: 639ab9b3127972e4ead16539b6398fc4,
        type: 3}
      propertyPath: m_LocalEulerAnglesHint.y
      value: -58.656002
      objectReference: {fileID: 0}
    - target: {fileID: 1791675855916213362, guid: 639ab9b3127972e4ead16539b6398fc4,
        type: 3}
      propertyPath: m_LocalEulerAnglesHint.z
      value: 0
      objectReference: {fileID: 0}
    m_RemovedComponents: []
  m_SourcePrefab: {fileID: 100100000, guid: 639ab9b3127972e4ead16539b6398fc4, type: 3}
--- !u!4 &6576378233040131300 stripped
Transform:
  m_CorrespondingSourceObject: {fileID: 1791675855916213362, guid: 639ab9b3127972e4ead16539b6398fc4,
    type: 3}
  m_PrefabInstance: {fileID: 4872528222034620566}
  m_PrefabAsset: {fileID: 0}
--- !u!1 &8970945554186342441 stripped
GameObject:
  m_CorrespondingSourceObject: {fileID: 4603103134977745087, guid: 639ab9b3127972e4ead16539b6398fc4,
    type: 3}
  m_PrefabInstance: {fileID: 4872528222034620566}
  m_PrefabAsset: {fileID: 0}
--- !u!1 &3635200673003847098 stripped
GameObject:
  m_CorrespondingSourceObject: {fileID: 8209043262814014764, guid: 639ab9b3127972e4ead16539b6398fc4,
    type: 3}
  m_PrefabInstance: {fileID: 4872528222034620566}
  m_PrefabAsset: {fileID: 0}
--- !u!1 &811958683510102546 stripped
GameObject:
  m_CorrespondingSourceObject: {fileID: 5249537473357916804, guid: 639ab9b3127972e4ead16539b6398fc4,
    type: 3}
  m_PrefabInstance: {fileID: 4872528222034620566}
  m_PrefabAsset: {fileID: 0}
--- !u!1 &5766909369724145246 stripped
GameObject:
  m_CorrespondingSourceObject: {fileID: 1411490485938683592, guid: 639ab9b3127972e4ead16539b6398fc4,
    type: 3}
  m_PrefabInstance: {fileID: 4872528222034620566}
  m_PrefabAsset: {fileID: 0}
--- !u!1 &8678912833774804826 stripped
GameObject:
  m_CorrespondingSourceObject: {fileID: 4318674585173733324, guid: 639ab9b3127972e4ead16539b6398fc4,
    type: 3}
  m_PrefabInstance: {fileID: 4872528222034620566}
  m_PrefabAsset: {fileID: 0}
--- !u!1001 &4872528223020478164
PrefabInstance:
  m_ObjectHideFlags: 0
  serializedVersion: 2
  m_Modification:
    m_TransformParent: {fileID: 4872528222255104506}
    m_Modifications:
    - target: {fileID: -8679921383154817045, guid: a16c1f3b4cd053a42b9cbf965ded8bc6,
        type: 3}
      propertyPath: m_LocalPosition.x
      value: -0.13753405
      objectReference: {fileID: 0}
    - target: {fileID: -8679921383154817045, guid: a16c1f3b4cd053a42b9cbf965ded8bc6,
        type: 3}
      propertyPath: m_LocalPosition.y
      value: -0.93999994
      objectReference: {fileID: 0}
    - target: {fileID: -8679921383154817045, guid: a16c1f3b4cd053a42b9cbf965ded8bc6,
        type: 3}
      propertyPath: m_LocalPosition.z
      value: -0.7699882
      objectReference: {fileID: 0}
    - target: {fileID: -8679921383154817045, guid: a16c1f3b4cd053a42b9cbf965ded8bc6,
        type: 3}
      propertyPath: m_LocalRotation.x
      value: -0.27912357
      objectReference: {fileID: 0}
    - target: {fileID: -8679921383154817045, guid: a16c1f3b4cd053a42b9cbf965ded8bc6,
        type: 3}
      propertyPath: m_LocalRotation.y
      value: -0.24436516
      objectReference: {fileID: 0}
    - target: {fileID: -8679921383154817045, guid: a16c1f3b4cd053a42b9cbf965ded8bc6,
        type: 3}
      propertyPath: m_LocalRotation.z
      value: -0.6496844
      objectReference: {fileID: 0}
    - target: {fileID: -8679921383154817045, guid: a16c1f3b4cd053a42b9cbf965ded8bc6,
        type: 3}
      propertyPath: m_LocalRotation.w
      value: 0.6635404
      objectReference: {fileID: 0}
    - target: {fileID: -8679921383154817045, guid: a16c1f3b4cd053a42b9cbf965ded8bc6,
        type: 3}
      propertyPath: m_RootOrder
      value: 0
      objectReference: {fileID: 0}
    - target: {fileID: -8679921383154817045, guid: a16c1f3b4cd053a42b9cbf965ded8bc6,
        type: 3}
      propertyPath: m_LocalEulerAnglesHint.x
      value: -43.467003
      objectReference: {fileID: 0}
    - target: {fileID: -8679921383154817045, guid: a16c1f3b4cd053a42b9cbf965ded8bc6,
        type: 3}
      propertyPath: m_LocalEulerAnglesHint.y
      value: 28.418001
      objectReference: {fileID: 0}
    - target: {fileID: -8679921383154817045, guid: a16c1f3b4cd053a42b9cbf965ded8bc6,
        type: 3}
      propertyPath: m_LocalEulerAnglesHint.z
      value: -90.00001
      objectReference: {fileID: 0}
    - target: {fileID: -8679921383154817045, guid: a16c1f3b4cd053a42b9cbf965ded8bc6,
        type: 3}
      propertyPath: m_LocalScale.x
      value: 103.855545
      objectReference: {fileID: 0}
    - target: {fileID: -8679921383154817045, guid: a16c1f3b4cd053a42b9cbf965ded8bc6,
        type: 3}
      propertyPath: m_LocalScale.y
      value: 4.595379
      objectReference: {fileID: 0}
    - target: {fileID: -8679921383154817045, guid: a16c1f3b4cd053a42b9cbf965ded8bc6,
        type: 3}
      propertyPath: m_LocalScale.z
      value: 4.595382
      objectReference: {fileID: 0}
    - target: {fileID: 919132149155446097, guid: a16c1f3b4cd053a42b9cbf965ded8bc6,
        type: 3}
      propertyPath: m_Name
      value: SilverCatapultArm
      objectReference: {fileID: 0}
    m_RemovedComponents: []
  m_SourcePrefab: {fileID: 100100000, guid: a16c1f3b4cd053a42b9cbf965ded8bc6, type: 3}
--- !u!1 &5719531169221858181 stripped
GameObject:
  m_CorrespondingSourceObject: {fileID: 919132149155446097, guid: a16c1f3b4cd053a42b9cbf965ded8bc6,
    type: 3}
  m_PrefabInstance: {fileID: 4872528223020478164}
  m_PrefabAsset: {fileID: 0}
--- !u!4 &4905558981374511423 stripped
Transform:
  m_CorrespondingSourceObject: {fileID: -8679921383154817045, guid: a16c1f3b4cd053a42b9cbf965ded8bc6,
    type: 3}
  m_PrefabInstance: {fileID: 4872528223020478164}
  m_PrefabAsset: {fileID: 0}
--- !u!1001 &4872528223364612220
PrefabInstance:
  m_ObjectHideFlags: 0
  serializedVersion: 2
  m_Modification:
    m_TransformParent: {fileID: 4872528222255104506}
    m_Modifications:
    - target: {fileID: 1411490485938683592, guid: 639ab9b3127972e4ead16539b6398fc4,
        type: 3}
      propertyPath: m_Name
      value: WheelsSilver (3)
      objectReference: {fileID: 0}
    - target: {fileID: 1791675855916213362, guid: 639ab9b3127972e4ead16539b6398fc4,
        type: 3}
      propertyPath: m_LocalPosition.x
      value: 0.07
      objectReference: {fileID: 0}
    - target: {fileID: 1791675855916213362, guid: 639ab9b3127972e4ead16539b6398fc4,
        type: 3}
      propertyPath: m_LocalPosition.y
      value: -1.14
      objectReference: {fileID: 0}
    - target: {fileID: 1791675855916213362, guid: 639ab9b3127972e4ead16539b6398fc4,
        type: 3}
      propertyPath: m_LocalPosition.z
      value: -5.93
      objectReference: {fileID: 0}
    - target: {fileID: 1791675855916213362, guid: 639ab9b3127972e4ead16539b6398fc4,
        type: 3}
      propertyPath: m_LocalRotation.x
      value: -0
      objectReference: {fileID: 0}
    - target: {fileID: 1791675855916213362, guid: 639ab9b3127972e4ead16539b6398fc4,
        type: 3}
      propertyPath: m_LocalRotation.y
      value: -0.73736125
      objectReference: {fileID: 0}
    - target: {fileID: 1791675855916213362, guid: 639ab9b3127972e4ead16539b6398fc4,
        type: 3}
      propertyPath: m_LocalRotation.z
      value: -0
      objectReference: {fileID: 0}
    - target: {fileID: 1791675855916213362, guid: 639ab9b3127972e4ead16539b6398fc4,
        type: 3}
      propertyPath: m_LocalRotation.w
      value: -0.67549866
      objectReference: {fileID: 0}
    - target: {fileID: 1791675855916213362, guid: 639ab9b3127972e4ead16539b6398fc4,
        type: 3}
      propertyPath: m_RootOrder
      value: 5
      objectReference: {fileID: 0}
    - target: {fileID: 1791675855916213362, guid: 639ab9b3127972e4ead16539b6398fc4,
        type: 3}
      propertyPath: m_LocalEulerAnglesHint.x
      value: 0
      objectReference: {fileID: 0}
    - target: {fileID: 1791675855916213362, guid: 639ab9b3127972e4ead16539b6398fc4,
        type: 3}
      propertyPath: m_LocalEulerAnglesHint.y
      value: -238
      objectReference: {fileID: 0}
    - target: {fileID: 1791675855916213362, guid: 639ab9b3127972e4ead16539b6398fc4,
        type: 3}
      propertyPath: m_LocalEulerAnglesHint.z
      value: 0
      objectReference: {fileID: 0}
    m_RemovedComponents: []
  m_SourcePrefab: {fileID: 100100000, guid: 639ab9b3127972e4ead16539b6398fc4, type: 3}
--- !u!1 &5766909368570314420 stripped
GameObject:
  m_CorrespondingSourceObject: {fileID: 1411490485938683592, guid: 639ab9b3127972e4ead16539b6398fc4,
    type: 3}
  m_PrefabInstance: {fileID: 4872528223364612220}
  m_PrefabAsset: {fileID: 0}
--- !u!4 &6576378232205026318 stripped
Transform:
  m_CorrespondingSourceObject: {fileID: 1791675855916213362, guid: 639ab9b3127972e4ead16539b6398fc4,
    type: 3}
  m_PrefabInstance: {fileID: 4872528223364612220}
  m_PrefabAsset: {fileID: 0}
--- !u!1 &8678912832781103024 stripped
GameObject:
  m_CorrespondingSourceObject: {fileID: 4318674585173733324, guid: 639ab9b3127972e4ead16539b6398fc4,
    type: 3}
  m_PrefabInstance: {fileID: 4872528223364612220}
  m_PrefabAsset: {fileID: 0}
--- !u!1 &8970945555238969539 stripped
GameObject:
  m_CorrespondingSourceObject: {fileID: 4603103134977745087, guid: 639ab9b3127972e4ead16539b6398fc4,
    type: 3}
  m_PrefabInstance: {fileID: 4872528223364612220}
  m_PrefabAsset: {fileID: 0}
--- !u!1 &3635200674559511888 stripped
GameObject:
  m_CorrespondingSourceObject: {fileID: 8209043262814014764, guid: 639ab9b3127972e4ead16539b6398fc4,
    type: 3}
  m_PrefabInstance: {fileID: 4872528223364612220}
  m_PrefabAsset: {fileID: 0}
--- !u!1 &811958682742893304 stripped
GameObject:
  m_CorrespondingSourceObject: {fileID: 5249537473357916804, guid: 639ab9b3127972e4ead16539b6398fc4,
    type: 3}
  m_PrefabInstance: {fileID: 4872528223364612220}
  m_PrefabAsset: {fileID: 0}
